@book{figalli,
  title     = {An Invitation to Optimal Transport, Wasserstein Distances, and Gradient Flows},
  author    = {Alessio Figalli and Federico Glaudo},
  year      = {2020},
  publisher = {EMS Press}
}

@article{bubenik,
  title     = {Embeddings of persistence diagrams into Hilbert spaces},
  author    = {Peter Bubenik and Alexander Wagner},
  year      = {2020},
  publisher = {Journal of Applied and Computational Topology}
}